@misc {
    Blackboard,
    title = "Blackboard",
    author = "Blackboard Inc.",
    howpublished = "https://blackboard.com"
}

@misc {
    Canvas,
    title = "Canvas",
    author = "Instructure",
    howpublished = "http://instructure.com"
}

@misc {
    Moodle,
    title = "Moodle",
    author = "Moodle HQ",
    howpublished = "https://moodle.org"
}

@misc {
    Veracross,
    title = "Veracross",
    author = "Breuer \& Co.",
    howpublished = "https://veracross.com"
}
