@misc{Hi,
    author = "Kottas, Joel",
    title = "This is the title",
    year = 2014
}
